<?xml version="1.0" encoding="UTF-8"?><collection xmlns="http://www.loc.gov/MARC21/slim"><record><leader>00582nam--2200205-u-4500</leader><controlfield tag="001">000050634</controlfield><controlfield tag="002">20161230</controlfield><controlfield tag="005">20161230201048</controlfield><controlfield tag="008">080226s1000------------r-----000-0-eng-d</controlfield><datafield ind1=" " ind2=" " tag="020"><subfield code="a">978019856438</subfield></datafield><datafield ind1=" " ind2=" " tag="040"><subfield code="a">IFIN-HH</subfield></datafield><datafield ind1=" " ind2=" " tag="080"><subfield code="a">538.94:530.14</subfield></datafield><datafield ind1="1" ind2=" " tag="100"><subfield code="a">Legget,A.J</subfield></datafield><datafield ind1="1" ind2="0" tag="245"><subfield code="a">Quantum Liquids</subfield><subfield code="b">Bose Condensation and Cooper Pairing in Condensed-Matter Systems</subfield><subfield code="c">A.J. Legget</subfield></datafield><datafield ind1=" " ind2=" " tag="260"><subfield code="a">Oxford</subfield><subfield code="b">Oxford University Press</subfield><subfield code="c">2006</subfield></datafield><datafield ind1=" " ind2=" " tag="300"><subfield code="a">388 p</subfield></datafield><datafield ind1=" " ind2=" " tag="490"><subfield code="a">Oxford Graduate Texts</subfield></datafield><datafield ind1=" " ind2="4" tag="650"><subfield code="a">Quantum Liquid</subfield></datafield><datafield ind1=" " ind2=" " tag="852"><subfield code="a">81943</subfield><subfield code="c">538.9</subfield></datafield><datafield ind1=" " ind2=" " tag="CAT"><subfield code="a">Sys</subfield><subfield code="c">20110104</subfield><subfield code="h">140539</subfield></datafield></record></collection>